@inproceedings{Multicore:2020,
  title={Retrofitting Parallelism onto OCaml},
  author={KC Sivaramakrishnan and Stephen Dolan and Leo White and Sadiq Jaffer and Tom Kelly and Anmol Sahoo and Sudha Parimala and Atul Dhiman and Anil Madhavapeddy},
  year={2020},
	booktitle={Proceedings of the 25th ACM SIGPLAN International Conference on Functional Programming},
	series = {ICFP 2020}
}

@inproceedings{ocamlci:2020,
  author="Thomas Leonard and Craig Ferguson and Kate Deplaix and Magnus Skjegstad and Anil Madhavapeddy",
  title="{OCaml-CI : A Zero-Configuration CI}",
  year= 2020,
  booktitle={Proceedings of the 25th ACM SIGPLAN International Conference on Functional Programming},
  series={ICFP 2020}
}

@article{pickard:2021,
        author = "Mitchell Pickard and Graham Hutton",
        title = "{Calculating Dependently-Typed Compilers}",
        journal = "Proceedings of the ACM on Programming Languages",
        volume = 5,
        number = {ICFP},
        articleno = 82,
        month = aug,
        year = 2021}

