@inproceedings{OCamlCI:2020,
  author={Thomas Leonard and Craig Ferguson and Kate Deplaix and Magnus Skjegstad and Anil Madhavapeddy},
  title={OCaml-CI - A Zero-Configuration CI},
  year={2020},
  booktitle={OCaml Workshop 2020},
  series={OCaml Workshop 2020}
}

@online{Runj21,
  author={Samuel Karp},
  organisation={},
  title={{runj: a new OCI Runtime for FreeBSD Jails}},
  year={2021},
  url={https://samuel.karp.dev/blog/2021/03/runj-a-new-oci-runtime-for-freebsd-jails/},
  lastaccessed={June 10, 2021},
}

@online{BtrfsWindows16,
  author={Mark Harmstone},
  title={{WinBtrfs - an open-source btrfs driver for Windows}},
  year={2016},
  url={https://github.com/maharmstone/btrfs},
  lastaccessed={June 10, 2021},
}

@online{Obuilder22,
  author={Thomas Leonard and David Allsopp and Antonin Decimo and Kate Deplaix and Patrick Ferris and Anil Madhavapeddy, Tim McGilchrist and},
  organization={Tarides},
  title={{OBuilder - Experimental "docker build" alternative using btrfs/zfs snapshots}},
  year={2022},
  url={https://github.com/ocurrent/obuilder},
}